<?xml version="1.0" encoding="UTF-8"?><collection xmlns="http://www.loc.gov/MARC21/slim"><record><leader>00359nam--2200133-i-4500</leader><controlfield tag="001">000047930</controlfield><controlfield tag="002">20161230</controlfield><controlfield tag="005">20161230201046</controlfield><controlfield tag="008">060222s1000------------r-----000-0-eng-d</controlfield><datafield ind1=" " ind2=" " tag="080"><subfield code="a">621.914:614.8</subfield></datafield><datafield ind1=" " ind2=" " tag="100"><subfield code="a">Zagorskaia,E.P. Si Zagorski,F.N</subfield></datafield><datafield ind1=" " ind2=" " tag="245"><subfield code="a">Tehnica securittatii la rrezarea rapida a metalelor</subfield></datafield><datafield ind1=" " ind2=" " tag="260"><subfield code="a">Bucuresti, Idt, 1951.59 P</subfield></datafield><datafield ind1=" " ind2=" " tag="852"><subfield code="a">26618</subfield></datafield></record></collection>